@online{ RFC8827,
    author = {E. Rescorla},
    title = {RFC 8827 WebRTC Security Architecture},
    url = {https://www.rfc-editor.org/rfc/rfc8827.html},
    urldate = {2024-12-08},
    publisher = {Internet Engineering Task Force (IETF)  }
}
@online{ RFC8826,
  author = {E. Rescorla},
  title = {RFC 8827 Security Considerations for WebRTC},
  url = {https://www.rfc-editor.org/rfc/rfc8826.html},
  urldate = {2024-12-08},
  publisher = {Internet Engineering Task Force (IETF)  }
}
@online{ RFC6347,
  author = {E. Rescorla and N. Modadugu},
  title = {RFC 6347 Datagram Transport Layer Security Version 1.2},
  url = {https://www.rfc-editor.org/rfc/rfc6347.html},
  urldate = {2024-12-08},
  publisher = {Internet Engineering Task Force (IETF)  }
}
@online{ RFC768, 
  title = {RFC 768 User Datagram Protocol},
  url = {https://www.rfc-editor.org/rfc/rfc768.html},
  urldate = {2024-12-08}
}

@online{ RFC3711, 
  author = {M. Baughera and D. McGrew and M. Naslund, E. Carrara and K. Norrman},
  title = { The Secure Real-time Transport Protocol (SRTP)},
  publisher= {The Internet Society},
  url = {https://www.rfc-editor.org/rfc/rfc3711.html},
  urldate = {2024-12-08}
}


@online{ WebRTC_Identity,
  author = {Cullen Jennings and Martin Thomson},
  title = {Identity for WebRTC 1.0},
  url = {https://www.w3.org/TR/webrtc-identity/},
  urldate = {2024-12-08},
  publisher = {W3C}
}

@online{ W3C_WebRTC,
  author = {Cullen Jennings and Florent Castelli and Henrik Boström and Jan-Ivar Bruaroey},
  title = {WebRTC: Real-Time Communication in Browsers},
  url= {https://www.w3.org/TR/2024/REC-webrtc-20241008/},
  urldate = {2024-12-08},
  publisher={W3C}
}

@conference{Security_Mechanisms_for_Signaling,
  author = {Dennis Boldt and Sebastian Ebers},
  booktitle = {Security Mechanisms for Signaling in WebRTC-based Peer-to-Peer Networks},
  title = {Security Mechanisms for Signaling in WebRTC-based Peer-to-Peer Networks},
  year = {2017}
}


@conference{One_leak_will_sink_a_ship,
  author = {Nasser Mohammed Al-Fannah},
  editor = {},
  title = {One Leak Will Sink A Ship: WebRTC IP Address Leaks},
  year = {}
}

@INPROCEEDINGS{10522201,
  author={Tannu and Sharma, Monika},
  booktitle={2024 11th International Conference on Reliability, Infocom Technologies and Optimization (Trends and Future Directions) (ICRITO)}, 
  title={Examining the Role of Webrtc in Enabling Real-Time Communication Security}, 
  year={2024},
  volume={},
  number={},
  pages={1-7},
  keywords={Privacy;Protocols;Oral communication;Transforms;Browsers;Peer-to-peer computing;Encryption;WebRTC;STUN;TURN;Codecs;SIP;Vonage Communications;Twilio Latency;Jitter;Vendor lock-in;CSRF;XSS;battery blues;Compatibility},
  doi={10.1109/ICRITO61523.2024.10522201}}


@book{User_Identity_for_WebRTC_Services_A_Matter_of_Trust,
  author = {Victoria Beltran and Emmanuel Bertin and Noël Crespi},
  publisher = {},
  title = {User Identity for WebRTC Services: A Matter of Trust},
  year = {}
}